<?xml version="1.0" encoding="UTF-8"?><collection xmlns="http://www.loc.gov/MARC21/slim"><record><leader>00568nam--2200169-i-4500</leader><controlfield tag="001">000024490</controlfield><controlfield tag="002">20161230</controlfield><controlfield tag="005">20161230201035</controlfield><controlfield tag="008">060222s1000------------r-----000-0-eng-d</controlfield><datafield ind1=" " ind2=" " tag="040"><subfield code="a">IFIN-HH</subfield></datafield><datafield ind1=" " ind2=" " tag="080"><subfield code="a">538.913:512.542(043)</subfield></datafield><datafield ind1="1" ind2=" " tag="100"><subfield code="a">Jansson, Per-olof</subfield></datafield><datafield ind1="1" ind2="0" tag="245"><subfield code="a">Reduction of finite-group representations and influence of lattice symmetry on some properties in condensed-matter physics</subfield><subfield code="b">Dissertation</subfield><subfield code="c">Per-olof jansson</subfield></datafield><datafield ind1=" " ind2=" " tag="260"><subfield code="a">Stockholm</subfield><subfield code="b">Institute Of Theoretical Physics</subfield><subfield code="c">1984</subfield></datafield><datafield ind1=" " ind2=" " tag="300"><subfield code="a">20P</subfield></datafield><datafield ind1=" " ind2=" " tag="852"><subfield code="a">71849</subfield><subfield code="c">539.2</subfield></datafield><datafield ind1=" " ind2=" " tag="CAT"><subfield code="a">Sys</subfield><subfield code="c">20121107</subfield><subfield code="h">153650</subfield></datafield></record></collection>